<record><leader>00000cas a22000007a 4500</leader><controlfield tag="001">11162043</controlfield><controlfield tag="008">840917d18741876iauwr ne      0    0eng d</controlfield><datafield ind1=" " ind2=" " tag="010"><subfield code="a">sn 84038075 </subfield></datafield><datafield ind1=" " ind2=" " tag="040"><subfield code="a">NPX</subfield><subfield code="b">eng</subfield><subfield code="c">NPX</subfield><subfield code="d">INP</subfield><subfield code="d">MGN</subfield><subfield code="d">OCLCQ</subfield></datafield><datafield ind1=" " ind2=" " tag="042"><subfield code="a">msc</subfield></datafield><datafield ind1="0" ind2="0" tag="245"><subfield code="a">Beloit times &amp; Canton eclipse.</subfield></datafield><datafield ind1="3" ind2=" " tag="246"><subfield code="a">Beloit times and Canton eclipse</subfield></datafield><datafield ind1=" " ind2=" " tag="260"><subfield code="a">Beloit, Iowa :</subfield><subfield code="b">Cyrus B. Ingham</subfield></datafield><datafield ind1=" " ind2=" " tag="300"><subfield code="a">v.</subfield></datafield><datafield ind1=" " ind2=" " tag="310"><subfield code="a">Weekly</subfield></datafield><datafield ind1="1" ind2=" " tag="362"><subfield code="a">Began in 1874; ceased in 1876? Cf. Bibl. of Iowa newspapers.</subfield></datafield><datafield ind1=" " ind2=" " tag="500"><subfield code="a">Published simultaneously at Canton, Dakota [i.e. South Dakota].</subfield></datafield><datafield ind1=" " ind2=" " tag="500"><subfield code="a">Editor: Cyrus B. Ingham, &lt;1876&gt;.</subfield></datafield><datafield ind1=" " ind2=" " tag="580"><subfield code="a">Continued by: Beloit times (non-extant?). Cf. Bibl. of Iowa newspapers.</subfield></datafield><datafield ind1=" " ind2=" " tag="588"><subfield code="a">Description based on: Vol. 2, no. 47 (Apr. 8, 1876).</subfield></datafield><datafield ind1=" " ind2=" " tag="752"><subfield code="a">United States</subfield><subfield code="b">Iowa</subfield><subfield code="c">Lyon</subfield><subfield code="d">Beloit.</subfield></datafield><datafield ind1=" " ind2=" " tag="752"><subfield code="a">United States</subfield><subfield code="b">South Dakota</subfield><subfield code="c">Lincoln</subfield><subfield code="d">Canton.</subfield></datafield><datafield ind1="0" ind2="0" tag="780"><subfield code="t">Beloit times (Beloit, Iowa : 1874)</subfield><subfield code="w">(DLC)sn 95068816</subfield></datafield><datafield ind1="1" ind2="0" tag="785"><subfield code="t">Beloit times</subfield></datafield></record>